@article{einstein_uber_1905,
	title = {Ãœber einen die {Erzeugung} und {Verwandlung} des {Lichtes} betreffenden heuristischen {Gesichtspunkt}},
	volume = {322},
	issn = {0003-3804},
	url = {https://doi.org/10.1002/andp.19053220607},
	doi = {10.1002/andp.19053220607},
	number = {6},
	urldate = {2023-07-02},
	journal = {Annalen der Physik},
	author = {Einstein, A.},
	month = jan,
	year = {1905},
	pages = {132--148},
	annote = {https://doi.org/10.1002/andp.19053220607},
}

@article{hertz_ueber_1887,
	title = {Ueber einen {Einfluss} des ultravioletten {Lichtes} auf die electrische {Entladung}},
	volume = {267},
	url = {https://onlinelibrary.wiley.com/doi/abs/10.1002/andp.18872670827},
	doi = {https://doi.org/10.1002/andp.18872670827},
	number = {8},
	journal = {Annalen der Physik},
	author = {Hertz, H.},
	year = {1887},
	pages = {983--1000},
}

@article{wien_xxx_1897,
	title = {{XXX}. {On} the division of energy in the emission-spectrum of a black body},
	volume = {43},
	issn = {1941-5982},
	url = {https://doi.org/10.1080/14786449708620983},
	doi = {10.1080/14786449708620983},
	number = {262},
	journal = {The London, Edinburgh, and Dublin Philosophical Magazine and Journal of Science},
	author = {Wien, Willy},
	month = mar,
	year = {1897},
	pages = {214--220},
	annote = {doi: 10.1080/14786449708620983},
}

@article{rayleigh_liii_1900,
	title = {{LIII}. {Remarks} upon the law of complete radiation},
	volume = {49},
	issn = {1941-5982},
	url = {https://doi.org/10.1080/14786440009463878},
	doi = {10.1080/14786440009463878},
	number = {301},
	journal = {The London, Edinburgh, and Dublin Philosophical Magazine and Journal of Science},
	author = {Rayleigh, Lord},
	month = jun,
	year = {1900},
	pages = {539--540},
	annote = {doi: 10.1080/14786440009463878},
}